@misc{keepass:home,
	author = {Dominik Reichl},
	title = {KeePass Password Safe},
	howpublished = {[online]},
	year = {2003\textendash2020},
	url = {https://keepass.info/},
	note = {[accessed 2020-05-09]},
}

@misc{keepass:keys,
	author = {Dominik Reichl},
	title = {Composite Master Key \textendash\ KeePass},
	howpublished = {[online]},
	year = {2003\textendash2020},
	url = {https://keepass.info/help/base/keys.html},
	note = {[accessed 2020-05-09]},
}

@misc{keepass:setup,
	author = {Dominik Reichl},
	title = {Installation/Portability \textendash\ KeePass},
	howpublished = {[online]},
	year = {2003\textendash2020},
	url = {https://keepass.info/help/v2/setup.html},
	note = {[accessed 2020-05-09]},
}

@misc{keepass:download,
	author = {Dominik Reichl},
	title = {Downloads \textendash\ KeePass},
	howpublished = {[online]},
	year = {2003\textendash2020},
	url = {https://keepass.info/download.html},
	note = {[accessed 2020-05-09]},
}

@misc{keepass:plugins,
	author = {Dominik Reichl},
	title = {Plugins \textendash\ KeePass},
	howpublished = {[online]},
	year = {2003\textendash2020},
	url = {https://keepass.info/plugins.html},
	note = {[accessed 2020-05-09]},
}

@misc{keepass:plugin-development,
	author = {Dominik Reichl},
	title = {Plugin Development \textendash\ KeePass},
	howpublished = {[online]},
	year = {2003\textendash2020},
	url = {https://keepass.info/help/v2_dev/plg_index.html},
	note = {[accessed 2020-05-09]},
}

@misc{keepass:key-provider-development,
	author = {Dominik Reichl},
	title = {Key Provider Development \textendash\ KeePass},
	howpublished = {[online]},
	year = {2003\textendash2020},
	url = {https://keepass.info/help/v2_dev/plg_keyprov.html},
	note = {[accessed 2020-05-10]},
}

@misc{keepass:kdbx,
	author = {Dominik Reichl},
	title = {KDBX 4 \textendash\ KeePass},
	howpublished = {[online]},
	year = {2003\textendash2020},
	url = {https://keepass.info/help/kb/kdbx_4.html},
	note = {[accessed 2020-05-20]},
}

@misc{keepass:plugin:multi-cert,
	author = {Dirk Heitzmann},
	title = {Multi Cert Key Provider},
	howpublished = {[software]},
	url = {https://www.creative-webdesign.de/en/software/keepass-plugins/multi-cert-keyprovider.html},
	note = {[accessed 2020-05-18]},
}

@misc{keepass:plugin:rsa-cert,
	author = {Dirk Heitzmann},
	title = {RSA Cert Key Provider},
	howpublished = {[software]},
	url = {https://www.creative-webdesign.de/en/software/keepass-plugins/rsa-cert-keyprovider.html},
	note = {[accessed 2020-05-18]},
}

@misc{keepass:plugin:cert-key,
	author = {Mark Buchler},
	title = {CertKeyProvider},
	howpublished = {[software]},
	url = {https://github.com/markbott/CertKeyProvider},
	note = {[accessed 2020-05-18]},
}

@misc{keepass:plugin:quick-unlock,
	author = {Janis Estelmann},
	title = {KeePassQuickUnlock},
	howpublished = {[software]},
	url = {https://github.com/JanisEst/KeePassQuickUnlock},
	note = {[accessed 2020-05-18]},
}

@misc{keepass:plugin:win-hello,
	author = {Sasha Sitnikov and Andrey Osipkov},
	title = {KeePassWinHello},
	howpublished = {[software]},
	url = {https://github.com/sirAndros/KeePassWinHello},
	note = {[accessed 2020-05-18]},
}

@misc{fido:fido2,
	author = {{FIDO Alliance}},
	title = {FIDO2: WebAuthn \& CTAP},
	howpublished = {[online]},
	url = {https://fidoalliance.org/fido2/},
	note = {[accessed 2020-05-10]},
}

@manual{fido:ctap,
	author = {{FIDO Alliance}},
	title = {Client to Authenticator Protocol (CTAP)},
	howpublished = {[online]},
	year = 2019,
	month = {January},
	url = {https://fidoalliance.org/specs/fido-v2.0-ps-20190130/fido-client-to-authenticator-protocol-v2.0-ps-20190130.html},
	note = {[accessed 2020-05-11]},
}

@manual{fido:webautn,
	author = {{W3C}},
	title = {Web Authentication: An API for accessing Public Key Credentials Level 1},
	howpublished = {[online]},
	year = 2019,
	month = {March},
	url = {https://www.w3.org/TR/2019/REC-webauthn-1-20190304/},
	note = {[accessed 2020-05-11]},
}

@misc{webautn-guide,
	title = {WebAuthn Guide},
	howpublished = {[online]},
	url = {https://webauthn.guide/},
	note = {[accessed 2020-05-22]},
}

@misc{yubico:webauthn,
	author = {{Yubico}},
	title = {WebAuthn Introduction},
	howpublished = {[online]},
	url = {https://developers.yubico.com/WebAuthn/},
	note = {[accessed 2020-05-11]},
}

@misc{yubico:key-generation,
	author = {{Yubico}},
	title = {U2F \textendash\ Protocol details \textendash\ Key generation},
	howpublished = {[online]},
	url = {https://developers.yubico.com/U2F/Protocol_details/Key_generation.html},
	note = {[accessed 2020-05-24]},
}

@misc{yubico:u2f,
	author = {{Yubico}},
	title = {FIDO U2F},
	howpublished = {[online]},
	url = {https://www.yubico.com/authentication-standards/fido-u2f/},
	note = {[accessed 2020-05-24]},
}

@misc{yubico:works-with-u2f,
	author = {{Yubico}},
	title = {Works with YubiKey Catalog},
	howpublished = {[online]},
	url = {https://www.yubico.com/works-with-yubikey/catalog/\#protocol=universal-2nd-factor-(u2f)},
	note = {[accessed 2020-05-24]},
}

@techreport{rfc2397,
	author = {Larry Masinter},
	title = {The "data" URL scheme},
	howpublished = {Internet Requests for Comments},
	type = {RFC},
	number = {2397},
	year = {1998},
	month = {August},
	issn = {2070-1721},
	publisher = {RFC Editor},
	institution = {RFC Editor},
	url = {https://www.rfc-editor.org/rfc/rfc2397.txt},
}
@techreport{rfc4880,
	author = {J. Callas and L. Donnerhacke and H. Finney and D. Shaw and R. Thayer},
	title = {OpenPGP Message Format},
	howpublished = {Internet Requests for Comments},
	type = {RFC},
	number = {4880},
	year = {2007},
	month = {November},
	issn = {2070-1721},
	publisher = {RFC Editor},
	institution = {RFC Editor},
	url = {https://www.rfc-editor.org/rfc/rfc4880.txt},
}

@techreport{rfc8017,
	author = {K. Moriarty and B. Kaliski and J. Jonsson and A. Rusch},
	title = {PKCS \#1: RSA Cryptography Specifications Version 2.2},
	howpublished = {Internet Requests for Comments},
	type = {RFC},
	number = {8017},
	year = {2016},
	month = {November},
	issn = {2070-1721},
	publisher = {RFC Editor},
	institution = {RFC Editor},
}

@book{the-foundations-of-cryptograpgy:vol-2,
	author = {Oded Goldreich},
	title = {The Foundations of Cryptography - Volume II, Basic Applications},
	publisher = {Cambridge University Press},
	address = {New York},
	year = {2004},
	month = {May},
	pages = {498},
	isbn = {0-521-83084-2}
}

@book{design-patterns,
	author = {Erich Gamma and Richard Helm and Ralph Johnson and John Vlissides},
	title = {Design Patterns: Elements of Reusable Object-Oriented Software},
	publisher = {Addison-Wesley Professional},
	year = {1994},
	month = {November},
	isbn = {0-201-63361-2},
}

@misc{iana:cose-algorithms,
	author = {IANA},
	title = {IANA CBOR Object Signing and Encryption (COSE) Algorithms Registry},
	url = {https://www.iana.org/assignments/cose/cose.xhtml\#algorithms},
	howpublished = {[online]},
	note = {[accessed 2020-05-21]},
}

@misc{libfido2,
	author = {Yubico},
	title = {libfido2},
	howpublished = {[software]},
	url = {https://github.com/Yubico/libfido2},
	note = {[accessed 2020-05-24]},
}

@misc{microsoft:webauthn,
	author = {Microsoft Corporation},
	title = {libfido2},
	howpublished = {[online]},
	url = {https://github.com/microsoft/webauthn},
	note = {[accessed 2020-05-24]},
}

@misc{microsoft:unmanaged-dll,
	author = {Maira Wenzel and others},
	title = {Consuming Unmanaged DLL Functions},
	howpublished = {[online]},
	url = {https://docs.microsoft.com/en-us/dotnet/framework/interop/consuming-unmanaged-dll-functions},
	note = {[accessed 2020-05-25]},
}

@article{the-protection-of-information,
	author = {Jerome H. Saltzer and Michael D. Schroeder},
	title = {The protection of information in computer systems},
	journal = {Proceedings of the IEEE},
	year = {1975},
	volume = {63},
	number = {9},
	pages = {1278-1308},
}

@misc{eduperson-ocl,
	author = {{Internet2}},
	title = {EduPerson Object Class Specification},
	howpublished = {[online]},
	url = {https://www.internet2.edu/media/medialibrary/2013/09/04/internet2-mace-dir-eduperson-200604.html},
	note = {[accessed 2020-05-25]},
}
